<record><leader>00000cas a2200000 a 4500</leader><controlfield tag="001">26521617</controlfield><controlfield tag="008">920902d19211931cauwr ne      0    0eng c</controlfield><datafield ind1=" " ind2=" " tag="010"><subfield code="a">sn 92068956 </subfield></datafield><datafield ind1=" " ind2=" " tag="040"><subfield code="a">CUY</subfield><subfield code="b">eng</subfield><subfield code="c">CNK</subfield><subfield code="d">OCLCQ</subfield><subfield code="d">CNK</subfield><subfield code="d">OCLCQ</subfield><subfield code="d">OCLCF</subfield><subfield code="d">OCLCO</subfield></datafield><datafield ind1="1" ind2=" " tag="029"><subfield code="a">AU@</subfield><subfield code="b">000020707342</subfield></datafield><datafield ind1=" " ind2=" " tag="042"><subfield code="a">pcc</subfield></datafield><datafield ind1=" " ind2=" " tag="043"><subfield code="a">n-us-ca</subfield></datafield><datafield ind1="0" ind2="0" tag="245"><subfield code="a">San Bruno herald and Peninsula news.</subfield></datafield><datafield ind1="3" ind2="0" tag="246"><subfield code="a">Peninsula news</subfield></datafield><datafield ind1=" " ind2=" " tag="260"><subfield code="a">San Bruno, Calif. :</subfield><subfield code="b">G.A. Helmore</subfield></datafield><datafield ind1=" " ind2=" " tag="300"><subfield code="a">v.</subfield></datafield><datafield ind1=" " ind2=" " tag="310"><subfield code="a">Weekly</subfield></datafield><datafield ind1="0" ind2=" " tag="362"><subfield code="a">Vol. 1, no. 9 (Jan. 1, 1921)-v. 1, no. 10 (Jan. 8, 1921) ; v. 8, no. 3 (Jan. 15, 1921)-</subfield></datafield><datafield ind1="1" ind2=" " tag="362"><subfield code="a">Ceased in 1931.</subfield></datafield><datafield ind1=" " ind2=" " tag="530"><subfield code="a">Master negatives are available for duplication from:</subfield><subfield code="b">California Newspaper Microfilm Archive;</subfield><subfield code="c">positive copies may be purchased by the reel; for further information consult the CNMA at:</subfield><subfield code="u">http://cbsr.ucr.edu</subfield></datafield><datafield ind1=" " ind2="0" tag="651"><subfield code="a">San Mateo County (Calif.)</subfield><subfield code="v">Newspapers.</subfield></datafield><datafield ind1=" " ind2="7" tag="655"><subfield code="a">Newspapers.</subfield><subfield code="2">fast</subfield><subfield code="0">(OCoLC)fst01423814</subfield></datafield><datafield ind1=" " ind2="7" tag="651"><subfield code="a">California</subfield><subfield code="z">San Mateo County.</subfield><subfield code="2">fast</subfield><subfield code="0">(OCoLC)fst01213639</subfield></datafield><datafield ind1=" " ind2=" " tag="752"><subfield code="a">United States</subfield><subfield code="b">California</subfield><subfield code="c">San Mateo</subfield><subfield code="d">San Bruno.</subfield></datafield><datafield ind1="0" ind2="4" tag="780"><subfield code="t">Peninsula news (San Bruno, Calif.)</subfield><subfield code="w">(DLC)sn 97060562</subfield></datafield><datafield ind1="0" ind2="4" tag="780"><subfield code="t">San Bruno herald (San Bruno, Calif. : 1920)</subfield><subfield code="w">(DLC)sn 97069211</subfield></datafield><datafield ind1="0" ind2="0" tag="785"><subfield code="t">San Bruno herald (San Bruno, Calif. : 1931)</subfield><subfield code="w">(DLC)sn 97069212</subfield></datafield></record>